@article{fastpass,
  title={Fastpass: A centralized zero-queue datacenter network},
  author={Perry, Jonathan and Ousterhout, Amy and Balakrishnan, Hari and Shah, Devavrat and Fugal, Hans},
  journal={ACM SIGCOMM Computer Communication Review},
  volume={44},
  number={4},
  pages={307--318},
  year={2015},
  publisher={ACM}
}

@inproceedings{hedera,
  title={Hedera: Dynamic Flow Scheduling for Data Center Networks.},
  author={Al-Fares, Mohammad and Radhakrishnan, Sivasankar and Raghavan, Barath and Huang, Nelson and Vahdat, Amin},
  booktitle={NSDI},
  volume={10},
  pages={19--19},
  year={2010}
}

@inproceedings{remy,
  title={Tcp ex machina: Computer-generated congestion control},
  author={Winstein, Keith and Balakrishnan, Hari},
  booktitle={ACM SIGCOMM Computer Communication Review},
  volume={43},
  number={4},
  pages={123--134},
  year={2013},
  organization={ACM}
}


@inproceedings{conga,
  title={CONGA: Distributed congestion-aware load balancing for datacenters},
  author={Alizadeh, Mohammad and Edsall, Tom and Dharmapurikar, Sarang and Vaidyanathan, Ramanan and Chu, Kevin and Fingerhut, Andy and Matus, Francis and Pan, Rong and Yadav, Navindra and Varghese, George and others},
  booktitle={ACM SIGCOMM Computer Communication Review},
  volume={44},
  number={4},
  pages={503--514},
  year={2014},
  organization={ACM}
}

@inproceedings{expresspass,
  title={Credit-Scheduled Delay-Bounded Congestion Control for Datacenters},
  author={Cho, Inho and Jang, Keon and Han, Dongsu},
  booktitle={Proceedings of the Conference of the ACM Special Interest Group on Data Communication},
  pages={239--252},
  year={2017},
  organization={ACM}
}

@inproceedings{microte,
  title={MicroTE: Fine grained traffic engineering for data centers},
  author={Benson, Theophilus and Anand, Ashok and Akella, Aditya and Zhang, Ming},
  booktitle={Proceedings of the Seventh COnference on emerging Networking EXperiments and Technologies},
  pages={8},
  year={2011},
  organization={ACM}
}

@article{b4,
  title={B4: Experience with a globally-deployed software defined WAN},
  author={Jain, Sushant and Kumar, Alok and Mandal, Subhasree and Ong, Joon and Poutievski, Leon and Singh, Arjun and Venkata, Subbaiah and Wanderer, Jim and Zhou, Junlan and Zhu, Min and others},
  journal={ACM SIGCOMM Computer Communication Review},
  volume={43},
  number={4},
  pages={3--14},
  year={2013},
  publisher={ACM}
}

@inproceedings{dctcp,
  title={Data center tcp (dctcp)},
  author={Alizadeh, Mohammad and Greenberg, Albert and Maltz, David A and Padhye, Jitendra and Patel, Parveen and Prabhakar, Balaji and Sengupta, Sudipta and Sridharan, Murari},
  booktitle={ACM SIGCOMM computer communication review},
  volume={40},
  number={4},
  pages={63--74},
  year={2010},
  organization={ACM}
}

@inproceedings{dionysus,
  title={Dynamic scheduling of network updates},
  author={Jin, Xin and Liu, Hongqiang Harry and Gandhi, Rohan and Kandula, Srikanth and Mahajan, Ratul and Zhang, Ming and Rexford, Jennifer and Wattenhofer, Roger},
  booktitle={ACM SIGCOMM Computer Communication Review},
  volume={44},
  number={4},
  pages={539--550},
  year={2014},
  organization={ACM}
}

@inproceedings{mininet,
  title={A network in a laptop: rapid prototyping for software-defined networks},
  author={Lantz, Bob and Heller, Brandon and McKeown, Nick},
  booktitle={Proceedings of the 9th ACM SIGCOMM Workshop on Hot Topics in Networks},
  pages={19},
  year={2010},
  organization={ACM}
}

@article{mininet_learning,
  title={Learning Networking by Reproducing Research Results},
  author={Yan, Lisa and McKeown, Nick},
  journal={ACM SIGCOMM Computer Communication Review},
  volume={47},
  number={2},
  pages={19--26},
  year={2017},
  publisher={ACM}
}

@inproceedings{maxinet,
  title={Maxinet: Distributed emulation of software-defined networks},
  author={Wette, Philip and Draxler, Martin and Schwabe, Arne and Wallaschek, Felix and Zahraee, Mohammad Hassan and Karl, Holger},
  booktitle={Networking Conference, 2014 IFIP},
  pages={1--9},
  year={2014},
  organization={IEEE}
}

@inproceedings{onos,
  title={ONOS: towards an open, distributed SDN OS},
  author={Berde, Pankaj and Gerola, Matteo and Hart, Jonathan and Higuchi, Yuta and Kobayashi, Masayoshi and Koide, Toshio and Lantz, Bob and O'Connor, Brian and Radoslavov, Pavlin and Snow, William and others},
  booktitle={Proceedings of the third workshop on Hot topics in software defined networking},
  pages={1--6},
  year={2014},
  organization={ACM}
}
@article{kdn,
  title={Knowledge-defined networking},
  author={Mestres, Albert and Rodriguez-Natal, Alberto and Carner, Josep and Barlet-Ros, Pere and Alarc{\'o}n, Eduard and Sol{\'e}, Marc and Munt{\'e}s-Mulero, Victor and Meyer, David and Barkai, Sharon and Hibbett, Mike J and others},
  journal={ACM SIGCOMM Computer Communication Review},
  volume={47},
  number={3},
  pages={2--10},
  year={2017},
  publisher={ACM}
}

@inproceedings{knowledge,
  title={A knowledge plane for the internet},
  author={Clark, David D and Partridge, Craig and Ramming, J Christopher and Wroclawski, John T},
  booktitle={Proceedings of the 2003 conference on Applications, technologies, architectures, and protocols for computer communications},
  pages={3--10},
  year={2003},
  organization={ACM}
}

@inproceedings{disco,
author={K. Phemius and M. Bouet and J. Leguay},
booktitle={2014 IEEE Network Operations and Management Symposium (NOMS)},
title={DISCO: Distributed multi-domain SDN controllers},
year={2014},
volume={},
number={},
pages={1-4},
keywords={protocols;telecommunication network topology;wide area networks;AMQP protocol;DISCO;WAN;constrained overlay networks;distributed multidomain SDN controllers;end-to-end network services;extensible SDN control plane;floodlight OpenFlow controller;interdomain topology disruption;software defined networking;wide area networks;Bandwidth;Computer architecture;Decentralized control;Monitoring;Network topology;Protocols;Wide area networks},
doi={10.1109/NOMS.2014.6838330},
ISSN={1542-1201},
month={May},}

@article{bufferbloat,
  title={Bufferbloat: Dark buffers in the internet},
  author={Gettys, Jim and Nichols, Kathleen},
  journal={Queue},
  volume={9},
  number={11},
  pages={40},
  year={2011},
  publisher={ACM}
}
